@Book{		  fel04:inf,
  author	= {Felsenstein, J.},
  title		= {Inferring Phylogenies},
  publisher	= {Sinauer},
  address	= {Sunderland},
  year		= 2004
}

@Misc{		  fel05:phy,
  author	= {Felsenstein, J.},
  title		= {{PHYLIP} (phylogeny interference package) version 3.6},
  year		= 2005,
  publisher	= {Distributed by the author, University of Washington,
		  Seattle}
}